% Graph Neural Networks

@article{scarselli2008gnn_model,
    title                  = {The graph neural network model},
    author                 = {Scarselli, Franco and Gori, Marco and Tsoi, Ah Chung and Hagenbuchner, Markus and Monfardini, Gabriele},
    journal                = {IEEE Transactions on Neural Networks},
    volume                 = {20},
	number                 = {1},
    pages                  = {61--80},
    year                   = {2008},
}

@article{kipf2016variational,
  title={Variational Graph Auto-Encoders},
  author={Kipf, Thomas N and Welling, Max},
  journal={NIPS Workshop on Bayesian Deep Learning},
  year={2016}
}

@INPROCEEDINGS{xu2018how_powerful_gnn,
   author                  = {Xu, Keyulu and Hu, Weihua and Leskovec, Jure and Jegelka, Stefanie},
   title                   = {How powerful are graph neural networks?},
   booktitle               = {Proceedings of ICLR},
   year                    = {2018},
}

@inproceedings{zhang2018link,
 author = {Zhang, Muhan and Chen, Yixin},
 title = {Link Prediction Based on Graph Neural Networks},
 booktitle = {Proceedings of NeurIPS},
 year = {2018},
 pages = {5171--5181},
}

@InProceedings{franceschi2019learning,
 title = 	 {Learning Discrete Structures for Graph Neural Networks},
 author = 	 {Luca Franceschi and Mathias Niepert and Massimiliano Pontil and Xiao He},
 booktitle = 	 {Proceedings of ICML},
 year = 	 {2019}
}


@article{zhou2018gnn_review,
    title                  = {Graph neural networks: A review of methods and applications},
    author                 = {Zhou, Jie and Cui, Ganqu and Zhang, Zhengyan and Yang, Cheng and Liu, Zhiyuan and Wang, Lifeng and Li, Changcheng and Sun, Maosong},
    journal                = {arXiv:1812.08434},
    year                   = {2018},
}


% Embedding
@inproceedings{Perozzi2014deep,
    author = {Perozzi, Bryan and Al-Rfou, Rami and Skiena, Steven},
    title = {DeepWalk: Online Learning of Social Representations},
    booktitle = {Proceedings of KDD},
    year = {2014},
    pages = {701--710},
}

@InProceedings{grover2016node2vec,
  Title                    = {node2vec: Scalable feature learning for networks},
  Author                   = {Grover, Aditya and Leskovec, Jure},
  Booktitle                = {Proceedings of KDD},
  Year                     = {2016},
  Pages                    = {855--864},
}

@InProceedings{tang2015line,
  Title                    = {Line: Large-scale information network embedding},
  Author                   = {Tang, Jian and Qu, Meng and Wang, Mingzhe and Zhang, Ming and Yan, Jun and Mei, Qiaozhu},
  Booktitle                = {Proceedings of WWW},
  Year                     = {2015},
  Pages                    = {1067--1077},
}

@InProceedings{ou2016hope,
  Title                    = {Asymmetric transitivity preserving graph embedding},
  Author                   = {Ou, Mingdong and Cui, Peng and Pei, Jian and Zhang, Ziwei and Zhu, Wenwu},
  Booktitle                = {Proceedings of KDD},
  Pages                    = {1105--1114},
  Year                     = {2016},
}

@INPROCEEDINGS{Liu2019NetEmbGRAbetta,
   author                  = {Liu, Xin and Murata, Tsuyoshi and Kim, Kyoung-Sook and Kotarasu, Chatchawan and Zhuang, Chenyi},
   title                   = {A general view for network embedding as matrix factorization},
   booktitle               = {Proceedings of WSDM},
   pages                   = {375--383},
   year                    = {2019},
}

@InProceedings{qiu2017unifying_dw_n2v_line,
  title                    = {Network embedding as matrix factorization: unifying DeepWalk, LINE, PTE, and node2vec},
  author                   = {Qiu, Jiezhong and Dong, Yuxiao and Ma, Hao and Li, Jian and Wang, Kuansan and Tang, Jie},
  Booktitle                = {Proceedings of WSDM},
  Year                     = {2018},
  pages                    = {459--467},
}

@InProceedings{wang2016SDNE,
  Title                    = {Structural deep network embedding},
  Author                   = {Wang, Daixin and Cui, Peng and Zhu, Wenwu},
  Booktitle                = {Proceedings of KDD},
  Pages                    = {1225--1234},
  Year                     = {2016},
}

@inproceedings{Yang2016revisiting,
    author = {Yang, Zhilin and Cohen, William W. and Salakhutdinov, Ruslan},
    title = {Revisiting Semi-Supervised Learning with Graph Embeddings},
    year = {2016},
    booktitle = {Proceedings of ICML},
    pages = {40--48},
}

@inproceedings{ribeiro2017struc2vec,
  title={struc2vec: Learning node representations from structural identity},
  author={Ribeiro, Leonardo FR and Saverese, Pedro HP and Figueiredo, Daniel R},
  booktitle={Proceedings of the 23rd ACM SIGKDD international conference on knowledge discovery and data mining},
  pages={385--394},
  year={2017}
}

% Graph tasks
@article{FORTUNATO201075,
    title = {Community detection in graphs},
    journal = {Physics Reports},
    volume = {486},
    number = {3},
    pages = {75--174},
    year = {2010},
    author = {Santo Fortunato},
}

@inproceedings{LP2003,
    author = {Zhu, Xiaojin and Ghahramani, Zoubin and Lafferty, John},
    title = {Semi-Supervised Learning Using Gaussian Fields and Harmonic Functions},
    year = {2003},
    booktitle = {Proceedings of ICML},
    pages = {912--919},
}

@inproceedings{SP2003,
    author = {Zhou, Dengyong and Bousquet, Olivier and Lal, Thomas Navin and Weston, Jason and Sch\"{o}lkopf, Bernhard},
    title = {Learning with Local and Global Consistency},
    year = {2003},
    booktitle = {Proceedings of NeurIPS},
    pages = {321--328},
}



% missing data imputation

@article{batista2002study,
    title={A Study of K-Nearest Neighbour as an Imputation Method.},
    author={Batista, Gustavo EAPA and Monard, Maria Carolina and others},
    journal={HIS},
    volume={87},
    number={48},
    pages={251--260},
    year={2002}
}

@ARTICLE{koren2009mf,
    author={Y. {Koren} and R. {Bell} and C. {Volinsky}},
    journal={Computer},
    title={Matrix Factorization Techniques for Recommender Systems},
    year={2009},
    volume={42},
    number={8},
    pages={30--37},
}

@article{mazumder2010soft,
    author = {Mazumder, Rahul and Hastie, Trevor and Tibshirani, Robert},
    title = {Spectral Regularization Algorithms for Learning Large Incomplete Matrices},
    year = {2010},
    volume = {11},
    journal = {J. Mach. Learn. Res.},
    pages = {2287--2322},
}

@article{azur2011multiple,
    title={Multiple imputation by chained equations: what is it and how does it work?},
    author={Azur, Melissa J and Stuart, Elizabeth A and Frangakis, Constantine and Leaf, Philip J},
    journal={International journal of methods in psychiatric research},
    volume={20},
    number={1},
    pages={40--49},
    year={2011},
}

@article{ian2011mice,
    author = {White, Ian R. and Royston, Patrick and Wood, Angela M.},
    title = {Multiple imputation using chained equations: Issues and guidance for practice},
    journal = {Statistics in Medicine},
    volume = {30},
    number = {4},
    pages = {377--399},
    year = {2011}
}

% missing data modeling

@inproceedings{david2005lr,
    author = {Williams, David and Liao, Xuejun and Xue, Ya and Carin, Lawrence},
    title = {Incomplete-Data Classification Using Logistic Regression},
    year = {2005},
    booktitle = {Proceedings of ICML},
    pages = {972--979},
}

@INPROCEEDINGS{kai2005,
    author={ {Kai Jiang} and {Haixia Chen} and {Senmiao Yuan}},
    booktitle={2005 International Conference on Neural Networks and Brain},
    title={Classification for Incomplete Data Using Classifier Ensembles},
    year={2005},
    volume={1},
    pages={559--563},
}

@article{rubin1976,
    author = {Donald B. Rubin},
    journal = {Biometrika},
    number = {3},
    pages = {581--592},
    title = {Inference and Missing Data},
    volume = {63},
    year = {1976}
}

@article{GarciaLaencina2010,
  title={Pattern classification with missing data: a review},
  author={Garc{\'\i}a-Laencina, Pedro J and Sancho-G{\'o}mez, Jos{\'e}-Luis and Figueiras-Vidal, An{\'\i}bal R},
  journal={Neural Computing and Applications},
  volume={19},
  number={2},
  pages={263--282},
  year={2010},
}

@inproceedings{smieja2018GMMC,
    title={Processing of missing data by neural networks},
    author={{\'S}mieja, Marek and Struski, {\L}ukasz and Tabor, Jacek and Zieli{\'n}ski, Bartosz and Spurek, Przemys{\l}aw},
    booktitle={Proceedings of NeurIPS},
    pages={2719--2729},
    year={2018}
}

@article{Smieja2019,
    title = {Generalized RBF kernel for incomplete data},
    journal = {Knowledge-Based Systems},
    volume = {173},
    pages = {150--162},
    year = {2019},
    author = {{\'S}mieja, Marek and Struski, {\L}ukas and Tabor, Jacek and Marzec, Mateusz},
}

@Article{Che2018rec,
    author={Che, Zhengping and Purushotham, Sanjay and Cho, Kyunghyun and Sontag, David and Liu, Yan},
    title={Recurrent Neural Networks for Multivariate Time Series with Missing Values},
    journal={Scientific Reports},
    year={2018},
    volume={8},
    number={1},
    pages={6085},
}


@InProceedings{yoon2018gain,
    title = 	 {{GAIN}: Missing Data Imputation using Generative Adversarial Nets},
    author = 	 {Yoon, Jinsung and Jordon, James and van der Schaar, Mihaela},
    booktitle = {Proceedings of ICML},
    pages = 	 {5689--5698},
    year = 	 {2018},
    volume = 	 {80},
}



% Experiment

@inproceedings{clevert2016elu,
  author    = {Djork{-}Arn{\'{e}} Clevert and
               Thomas Unterthiner and
               Sepp Hochreiter},
  title     = {Fast and Accurate Deep Network Learning by Exponential Linear Units
               (ELUs)},
  booktitle = {Proceedings of ICLR},
  year      = {2016},
}

@article{sen2008col,
    title={Collective Classification in Network Data},
    volume={29},
    number={3},
    journal={AI Magazine},
    author={Sen, Prithviraj and Namata, Galileo and Bilgic, Mustafa and Getoor, Lise and Galligher, Brian and Eliassi-Rad, Tina},
    year={2008},
    pages={93}
}


@inproceedings{amazondata2015,
    author = {McAuley, Julian and Targett, Christopher and Shi, Qinfeng and van den Hengel, Anton},
    title = {Image-Based Recommendations on Styles and Substitutes},
    year = {2015},
    booktitle = {Proceedings of SIGIR},
    pages = {43--52},
}


@article{barabasi2011NetworkApproachDisease,
    title={Network medicine: a network-based approach to human disease},
    author={Barab{\'a}si, Albert-L{\'a}szl{\'o} and Gulbahce, Natali and Loscalzo, Joseph},
    journal={Nature reviews genetics},
    volume={12},
    number={1},
    pages={56--68},
    year={2011},
}


@article{sporns2005BrainDescription,
    title={The human connectome: a structural description of the human brain},
    author={Sporns, Olaf and Tononi, Giulio and K{\"o}tter, Rolf},
    journal={PLoS computational biology},
    volume={1},
    number={4},
    year={2005},
}


@article{ZhouBipartiteNetProjection,
    author = {T. Zhou and J. Ren and M. Medo and Y. C. Zhang},
    title = {Bipartite network projection and personal recommendation},
    journal = {Phys. Rev. E},
    volume = {76},
	number = "",
    pages = {046115},
    year = {2007},
}


@article{brin1998anatomy,
    title={The anatomy of a large-scale hypertextual web search engine},
    author={Brin, Sergey and Page, Lawrence},
    year={1998}
}


@inproceedings{brin1998PageRank,
    author = {Brin, Sergey and Page, Lawrence},
    booktitle = {Proceedings of WWW},
    title = {The anatomy of a large-scale hypertextual web search engine},
    year = {1998}
}

@article{FreemanSocialNetwork,
  title={The development of social network analysis},
  author={Freeman, Linton},
  journal={A Study in the Sociology of Science},
  volume={1},
  number={687},
  pages={159--167},
  year={2004}
}


@inproceedings{bai2019Simgnn,
    title={Simgnn: A neural network approach to fast graph similarity computation},
    author={Bai, Yunsheng and Ding, Hao and Bian, Song and Chen, Ting and Sun, Yizhou and Wang, Wei},
    booktitle={Proceedings of WSDM},
    pages={384--392},
    year={2019}
}

@inproceedings{bai2020GraphSim,
    title={Learning-based efficient graph similarity computation via multi-scale convolutional set matching},
    author={Bai, Yunsheng and Ding, Hao and Gu, Ken and Sun, Yizhou and Wang, Wei},
    booktitle={Proceedings of AAAI},
    pages={},
    year={2020}
}


@inproceedings{chen2019CommunityDetectionGCN,
    title={Supervised community detection with line graph neural networks},
    author={Chen, Zhengdao and Li, Lisha and Bruna, Joan},
    booktitle={Proceedings of ICLR},
    pages={},
    year={2019}
}

@inproceedings{jin2019GCN_MRF_CommunityDet,
    title={Graph convolutional networks meet Markov random fields: Semi-supervised community detection in attribute networks},
    author={Jin, Di and Liu, Ziyang and Li, Weihao and He, Dongxiao and Zhang, Weixiong},
    booktitle={Proceedings of AAAI},
    pages={152--159},
    year={2019}
}

@INPROCEEDINGS{Choong2018CommunityVAE,
   author                  = {Choong, Jun Jin and Liu, Xin and Murata, Tsuyoshi},
   title                   = {Learning community structure with variational autoencoder},
   booktitle               = {Proceedings of ICDM},
   pages                   = {69--78},
   year                    = {2018},
}

@INPROCEEDINGS{zhang2018LinkPredictionGNN,
    title = {Link prediction based on graph neural networks},
    author = {Zhang, Muhan and Chen, Yixin},
    booktitle = {Proceedings of NeurIPS},
    pages = {5165--5175},
    year = {2018},
}


@InProceedings{kipf2016GCN,
    Title                    = {Semi-supervised classification with graph convolutional networks},
    Author                   = {Kipf, Thomas N and Welling, Max},
    Booktitle                = {Proceedings of ICLR},
    Year                     = {2017},
}

@inproceedings{zhang2018DLGraphClassification,
    title={An end-to-end deep learning architecture for graph classification},
    author={Zhang, Muhan and Cui, Zhicheng and Neumann, Marion and Chen, Yixin},
    booktitle={Proceedings of AAAI},
    year={2018}
}

@inproceedings{ying2018HierarchicalGraphRepresentationLearning,
    title={Hierarchical graph representation learning with differentiable pooling},
    author={Ying, Zhitao and You, Jiaxuan and Morris, Christopher and Ren, Xiang and Hamilton, Will and Leskovec, Jure},
    booktitle={Proceedings of NeurIPS},
    pages={4800--4810},
    year={2018}
}

@article{pan2015MultiTaskGraphClassification,
    title={Joint structure feature exploration and regularization for multi-task graph classification},
    author={Pan, Shirui and Wu, Jia and Zhu, Xingquan and Zhang, Chengqi and Philip, S Yu},
    journal={IEEE Transactions on Knowledge and Data Engineering},
    volume={28},
    number={3},
    pages={715--728},
    year={2015},
}


@inproceedings{fan2019BetweennessGNN,
    title={Learning to Identify High Betweenness Centrality Nodes from Scratch: A Novel Graph Neural Network Approach},
    author={Fan, Changjun and Zeng, Li and Ding, Yuhui and Chen, Muhao and Sun, Yizhou and Liu, Zhong},
    booktitle={Proceedings of CIKM},
    pages={559--568},
    year={2019}
}

@inproceedings{chen2019CentralityInfoGraphConvolution,
    title={Exploiting centrality information with graph convolutions for network representation learning},
    author={Chen, Hongxu and Yin, Hongzhi and Chen, Tong and Nguyen, Quoc Viet Hung and Peng, Wen-Chih and Li, Xue},
    booktitle={Proceedings of ICDE},
    pages={590--601},
    year={2019},
}

@inproceedings{sunil2019BetweennessGNN,
    title={Fast Approximations of Betweenness Centrality with Graph Neural Networks},
    author={Maurya, Sunil Kumar and Liu, Xin and Murata, Tsuyoshi},
    booktitle={Proceedings of CIKM},
    pages={2149--2152},
    year={2019}
}

@InProceedings{hamilton2017GraphSAGE,
    title                    = {Inductive representation learning on large graphs},
    author                   = {Hamilton, William L and Ying, Rex and Leskovec, Jure},
    Booktitle                = {Proceedings of NeurIPS},
    Year                     = {2017},
    Pages                    = {1025--1035},
}


@InProceedings{velivckovic2017GAT,
    title={Graph attention networks},
    author={Veli{\v{c}}kovi{\'c}, Petar and Cucurull, Guillem and Casanova, Arantxa and Romero, Adriana and Lio, Pietro and Bengio, Yoshua},
    Booktitle={Proceedings of ICLR},
    year={2018}
}

@inproceedings{narasimhan2018VisualQA_GCN,
    title={Out of the box: Reasoning with graph convolution nets for factual visual question answering},
    author={Narasimhan, Medhini and Lazebnik, Svetlana and Schwing, Alexander},
    booktitle={Proceedings of NeurIPS},
    pages={2654--2665},
    year={2018}
}

@inproceedings{yao2018ImageCaptioning_GCN,
    title={Exploring visual relationship for image captioning},
    author={Yao, Ting and Pan, Yingwei and Li, Yehao and Mei, Tao},
    booktitle={Proceedings of ECCV},
    pages={684--699},
    year={2018}
}

@inproceedings{yan2018ActionRecognition_GCN,
    title={Spatial temporal graph convolutional networks for skeleton-based action recognition},
    author={Yan, Sijie and Xiong, Yuanjun and Lin, Dahua},
    booktitle={Proceedings of AAAI},
    year={2018}
}

@inproceedings{te2018RGCNN_PointCloudSegmentation,
    title={Rgcnn: Regularized graph cnn for point cloud segmentation},
    author={Te, Gusi and Hu, Wei and Zheng, Amin and Guo, Zongming},
    booktitle={Proceedings of ACM-MM},
    pages={746--754},
    year={2018}
}

@inproceedings{wang2018SpectralGCN_PointCloud,
    title={Local spectral graph convolution for point set feature learning},
    author={Wang, Chu and Samari, Babak and Siddiqi, Kaleem},
    booktitle={Proceedings of ECCV},
    pages={52--66},
    year={2018}
}

@inproceedings{li2018AdaptiveGCN,
    title={Adaptive graph convolutional neural networks},
    author={Li, Ruoyu and Wang, Sheng and Zhu, Feiyun and Huang, Junzhou},
    booktitle={Proceedings of AAAI},
    year={2018}
}

@inproceedings{simonovsky2017DynamicFilterGCN,
    title={Dynamic edge-conditioned filters in convolutional neural networks on graphs},
    author={Simonovsky, Martin and Komodakis, Nikos},
    booktitle={Proceedings of CVPR},
    pages={3693--3702},
    year={2017}
}

@inproceedings{yao2019TextClassification_GCN,
    title={Graph convolutional networks for text classification},
    author={Yao, Liang and Mao, Chengsheng and Luo, Yuan},
    booktitle={Proceedings of AAAI},
    pages={7370--7377},
    year={2019}
}

@inproceedings{defferrard2016GraphCNN_SpectralFiltering,
    title={Convolutional neural networks on graphs with fast localized spectral filtering},
    author={Defferrard, Micha{\"e}l and Bresson, Xavier and Vandergheynst, Pierre},
    booktitle={Proceedings of NeurIPS},
    pages={3844--3852},
    year={2016}
}

@inproceedings{bastings2017MachineTrans_GCN,
    title={Graph convolutional encoders for syntax-aware neural machine translation},
    author={Bastings, Joost and Titov, Ivan and Aziz, Wilker and Marcheggiani, Diego and Sima’an, Khalil},
    booktitle={Proceedings of EMNLP},
    pages={1957--1967},
    year={2017}
}

@inproceedings{marcheggiani2018MachineTrans_GCN,
    title={Exploiting Semantics in Neural Machine Translation with Graph Convolutional Networks},
    author={Marcheggiani, Diego and Bastings, Joost and Titov, Ivan},
    booktitle={Proceedings of NAACL-HLT},
    pages={486--492},
    year={2018}
}

@inproceedings{qian2019GraphIE,
    title={GraphIE: A Graph-Based Framework for Information Extraction},
    author={Qian, Yujie and Santus, Enrico and Jin, Zhijing and Guo, Jiang and Barzilay, Regina},
    booktitle={Proceedings of NAACL-HLT},
    pages={751--761},
    year={2019}
}

@inproceedings{duvenaud2015convolutional,
    title={Convolutional networks on graphs for learning molecular fingerprints},
    author={Duvenaud, David K and Maclaurin, Dougal and Iparraguirre, Jorge and Bombarell, Rafael and Hirzel, Timothy and Aspuru-Guzik, Al{\'a}n and Adams, Ryan P},
    booktitle={Proceedings of NeurIPS},
    pages={2224--2232},
    year={2015}
}

@article{zitnik2018PolypharmacySideEffects_GCN,
    title={Modeling polypharmacy side effects with graph convolutional networks},
    author={Zitnik, Marinka and Agrawal, Monica and Leskovec, Jure},
    journal={Bioinformatics},
    volume={34},
    number={13},
    pages={i457--i466},
    year={2018},
}

@inproceedings{fout2017ProteinInterfacePrediction_GCN,
    title={Protein interface prediction using graph convolutional networks},
    author={Fout, Alex and Byrd, Jonathon and Shariat, Basir and Ben-Hur, Asa},
    booktitle={Proceedings of NeurIPS},
    pages={6530--6539},
    year={2017}
}


@inproceedings{ying2018GCN_Recommendation,
    title={Graph convolutional neural networks for web-scale recommender systems},
    author={Ying, Rex and He, Ruining and Chen, Kaifeng and Eksombatchai, Pong and Hamilton, William L and Leskovec, Jure},
    booktitle={Proceedings of KDD},
    pages={974--983},
    year={2018}
}


@inproceedings{wu2019GCN_Recommendation,
    title={A neural influence diffusion model for social recommendation},
    author={Wu, Le and Sun, Peijie and Fu, Yanjie and Hong, Richang and Wang, Xiting and Wang, Meng},
    booktitle={Proceedings of SIGIR},
    pages={235--244},
    year={2019}
}

@inproceedings{KingmaB14Adam,
    author    = {Diederik P. Kingma and Jimmy Ba},
    title     = {Adam: {A} Method for Stochastic Optimization},
    booktitle = {Proceedings of ICLR},
    year      = {2015},
}

@article{srivastava14dropout,
    author  = {Nitish Srivastava and Geoffrey Hinton and Alex Krizhevsky and Ilya Sutskever and Ruslan Salakhutdinov},
    title   = {Dropout: A Simple Way to Prevent Neural Networks from Overfitting},
    journal = {Journal of Machine Learning Research},
    year    = {2014},
    volume  = {15},
    pages   = {1929--1958},
}

@InProceedings{glorot10understanding,
    title = 	 {Understanding the difficulty of training deep feedforward neural networks},
    author = 	 {Xavier Glorot and Yoshua Bengio},
    booktitle = 	 {Proceedings of AISTATS},
    pages = 	 {249--256},
    year = 	 {2010},
}

@InProceedings{maas2013rectifier,
	Author = {Maas, A.L. and Hannun, A.Y. and Ng, A.Y.},
	Booktitle = {Proceedings of ICML},
	Title = {Rectifier Nonlinearities Improve Neural Network Acoustic Models},
	Year = {2013},
}

@book{Goodfellow-et-al-2016,
    title={Deep Learning},
    author={Ian Goodfellow and Yoshua Bengio and Aaron Courville},
    publisher={MIT Press},
    note={\url{http://www.deeplearningbook.org}},
    year={2016}
}

@inproceedings{yi2020why,
    title={Why Not to Use Zero Imputation? Correcting Sparsity Bias in Training Neural Networks},
    author={Joonyoung Yi and Juhyuk Lee and Sungju Hwang and Eunho Yang},
    booktitle={Proceedings of ICLR},
    year={2020},
}

@inproceedings{pathakCVPR16context,
    Author = {Pathak, Deepak and Kr\"ahenb\"uhl, Philipp and Donahue, Jeff and Darrell, Trevor and Efros, Alexei},
    Title = {Context Encoders: Feature Learning by Inpainting},
    Booktitle = {Proceedings of CVPR},
    Year = {2016}
}

@inproceedings{chiang2019cluster,
    author = {Chiang, Wei-Lin and Liu, Xuanqing and Si, Si and Li, Yang and Bengio, Samy and Hsieh, Cho-Jui},
    title = {Cluster-GCN: An Efficient Algorithm for Training Deep and Large Graph Convolutional Networks},
    year = {2019},
    booktitle = {Proceedings of KDD},
    pages = {257--266},
}

@article{dempster1977,
    author = {A. P. Dempster and N. M. Laird and D. B. Rubin},
    journal = {Journal of the Royal Statistical Society. Series B (Methodological)},
    number = {1},
    pages = {1--38},
    title = {Maximum Likelihood from Incomplete Data via the EM Algorithm},
    volume = {39},
    year = {1977}
}

@inproceedings{Luo2018Multi,
    title = {Multivariate Time Series Imputation with Generative Adversarial Networks},
    author = {Luo, Yonghong and Cai, Xiangrui and ZHANG, Ying and Xu, Jun and xiaojie, Yuan},
    booktitle = {Proceedings of NeurIPS},
    pages = {1596--1607},
    year = {2018},
}

@inproceedings{Zoubin1994EM,
    title = {Supervised learning from incomplete data via an EM approach},
    author = {Ghahramani, Zoubin and Michael I. Jordan},
    booktitle = {Proceedings of NeurIPS},
    pages = {120--127},
    year = {1994},
}

@inproceedings{gondara2018mida,
    author = {Gondara, Lovedeep and Wang, Ke},
    year = {2018},
    pages = {260--272},
    booktitle = {Proceedings of PAKDD},
    title = {MIDA: Multiple Imputation Using Denoising Autoencoders},
}

@inproceedings{li2018learning,
    title={Learning from Incomplete Data with Generative Adversarial Networks},
    author={Steven Cheng-Xian Li and Bo Jiang and Benjamin Marlin},
    booktitle={Proceedings of ICLR},
    year={2019},
}

@inproceedings{Smola2005KernelMF,
    title={Kernel Methods for Missing Variables},
    author={Alexander J. Smola and S. V. N. Vishwanathan and Thomas Hofmann},
    booktitle={Proceedings of AISTATS},
    year={2005}
}

@InProceedings{felix2019simpl,
    title = 	 {Simplifying Graph Convolutional Networks},
    author = 	 {Wu, Felix and Souza, Amauri and Zhang, Tianyi and Fifty, Christopher and Yu, Tao and Weinberger, Kilian},
    booktitle = 	 {Proceedings of ICML},
    pages = 	 {6861--6871},
    year = 	 {2019},
}

@inproceedings{johannes2019predict,
	title = {Predict then Propagate: Graph Neural Networks meet Personalized PageRank},
	author = {Klicpera, Johannes and Bojchevski, Aleksandar and G{\"u}nnemann, Stephan},
	booktitle={Proceedings of ICLR},
	year = {2019}
}

@inproceedings{sami2019mixhop,
  title={Mixhop: Higher-order graph convolutional architectures via sparsified neighborhood mixing},
  author={Abu-El-Haija, Sami and Perozzi, Bryan and Kapoor, Amol and Alipourfard, Nazanin and Lerman, Kristina and Harutyunyan, Hrayr and Ver Steeg, Greg and Galstyan, Aram},
  booktitle={international conference on machine learning},
  pages={21--29},
  year={2019},
  organization={PMLR}
}

@inproceedings{sami2019ngcn,
    author={Sami Abu-El-Haija AND Bryan Perozzi AND Amol Kapoor AND Joonseok Lee},
    title={N-GCN: Multi-scale Graph Convolutionfor Semi-supervised Node Classification},
    booktitle = {Proceedings of UAI},
    year = {2019},
}

@inproceedings{velickovic2018deep,
    title={Deep Graph Infomax},
    author={Petar Veličković and William Fedus and William L. Hamilton and Pietro Liò and Yoshua Bengio and R Devon Hjelm},
    booktitle={Proceedings of ICLR},
    year={2019},
}

@inproceedings{schlichtkrull2018modeling,
    title={Modeling Relational Data with Graph Convolutional Networks},
    author={Schlichtkrull, Michael and Kipf, Thomas N and Bloem, Peter and Berg, Rianne van den and Titov, Ivan and Welling, Max},
    pages={593--607},
    booktitle={Proceedings of ESWC},
    year={2018}
}

@inproceedings{qu2019gmnn,
    title={GMNN: Graph Markov Neural Networks},
    author={Qu, Meng and Bengio, Yoshua and Tang, Jian},
    booktitle={Proceedings of ICML},
    pages={5241--5250},
    year={2019}
}

@inproceedings{chen2018fastgcn,
    title={Fast{GCN}: Fast Learning with Graph Convolutional Networks via Importance Sampling},
    author={Jie Chen and Tengfei Ma and Cao Xiao},
    booktitle={Proceedings of ICLR},
    year={2018},
}

@book{rubin2004multiple,
    title={Multiple imputation for nonresponse in surveys},
    author={Rubin, Donald B},
    volume={81},
    year={2004},
    publisher={John Wiley \& Sons}
}

@article{pelckmans2005svm,
    author = {K. Pelckmans and J. De Brabanter and J.A.K. Suykens and B. De Moor},
    title = {Handling missing values in support vector machine classifiers},
    journal = {Neural Networks},
    volume = {18},
    number = {5},
    pages = {684--692},
    year = {2005},
}

@inproceedings{jiang2005ensemble,
    author={ {Kai Jiang} and {Haixia Chen} and {Senmiao Yuan}},
    booktitle={Proceedings of ICNNB},
    title={Classification for Incomplete Data Using Classifier Ensembles},
    year={2005},
    pages={559--563},
}

@article{cai2017graph_embedding_survey,
    title                  = {A comprehensive survey of graph embedding: problems, techniques and applications},
    author                 = {Cai, Hongyun and Zheng, Vincent W and Chang, Kevin Chen-Chuan},
    journal                = {IEEE Transactions on Knowledge and Data Engineering},
    volume                 = {30},
	number                 = {9},
    pages                  = {1616--1637},
    year                   = {2018},
}

@article{leskovec2017graph_embedding_survey,
    title                  = {Representation learning on graphs: methods and applications},
    author                 = {Hamilton, William L and Ying, Rex and Leskovec, Jure},
    journal                = {IEEE Data Engineering Bulletin},
    volume                 = {40},
	number                 = {},
    pages                  = {52--74},
    year                   = {2017},
}

@article{goyal2017graph_embedding_survey,
    title                  = {Graph embedding techniques, applications, and performance: A survey},
    author                 = {Goyal, Palash and Ferrara, Emilio},
    journal                = {Knowledge-Based Systems},
    volume                 = {151},
	number                 = {},
    pages                  = {78--94},
    year                   = {2018},
}

@article{zhang2018NRL_survey,
    title                  = {Network representation learning: a survey},
    author                 = {Zhang, Daokun and Yin, Jie and Zhu, Xingquan and Zhang, Chengqi},
    journal                = {IEEE Transactions on Big Data},
    volume                 = {},
	number                 = {},
    pages                  = {},
    year                   = {2018},
}

@article{cui2018survey_net_emb,
    title                  = {A survey on network embedding},
    author                 = {Cui, Peng and Wang, Xiao and Pei, Jian and Zhu, Wenwu},
    journal                = {IEEE Transactions on Knowledge and Data Engineering},
    volume                 = {31},
	number                 = {5},
    pages                  = {833--852},
    year                   = {2018},
}

@INPROCEEDINGS{wang2019gnn_recommender,
   author                  = {Wang, Hongwei and Zhang, Fuzheng and Zhang, Mengdi and Leskovec, Jure and Zhao, Miao and Li, Wenjie and Wang, Zhongyuan},
   title                   = {Knowledge-aware graph neural networks with label smoothness regularization for recommender systems},
   booktitle               = {Proceedings of KDD},
   pages                   = {968--977},
   year                    = {2019},
}


@article{Zhang2018DL_graph_survey, 
    author={Z. {Zhang} and P. {Cui} and W. {Zhu}},
    journal={IEEE Transactions on Knowledge and Data Engineering},
    title={Deep Learning on Graphs: A Survey},
    year={2020},
}



@inproceedings{Liu2019HyperbolicGN,
    title={Hyperbolic Graph Neural Networks},
    author={Qi Liu and Maximilian Nickel and Douwe Kiela},
    booktitle={Proceedings of NeurIPS},
    year={2019}
}

@inproceedings{Chami2019HyperbolicGC,
    title={Hyperbolic Graph Convolutional Neural Networks},
    author={Ines Chami and Rex Ying and Christopher R{\'e} and Jure Leskovec},
    booktitle={Proceedings of NeurIPS},
    year={2019}
}

@article{Stekhoven2011missforest,
    author = {Stekhoven, Daniel J. and Bühlmann, Peter},
    title = "{MissForest—non-parametric missing value imputation for mixed-type data}",
    journal = {Bioinformatics},
    volume = {28},
    number = {1},
    pages = {112--118},
    year = {2011},
}

@article{buuren2010mice,
    title={mice: Multivariate imputation by chained equations in R},
    author={Buuren, S van and Groothuis-Oudshoorn, Karin},
    journal={Journal of statistical software},
    pages={1--68},
    year={2010},
}



@article{Zhang2019gcn_review,
    title                  = {Graph convolutional networks: a comprehensive review},
    author                 = {Zhang, Si and Tong, Hanghang and Xu, Jiejun and Maciejewski, Ross},
    journal                = {Computational Social Networks},
    volume                 = {6},
	number                 = {1},
    pages                  = {11},
    year                   = {2019},
}


@article{Shuman2013signal_processing_graph,
    title                  = {The emerging field of signal processing on graphs: Extending high-dimensional data analysis to networks and other irregular domains},
    author                 = {Shuman, David I and Narang, Sunil K and Frossard, Pascal and Ortega, Antonio and Vandergheynst, Pierre},
    journal                = {IEEE signal processing magazine},
    volume                 = {30},
	number                 = {3},
    pages                  = {83--98},
    year                   = {2013},
}

@inproceedings{kingma2013auto,
    author = {Kingma, Diederik P. and Welling, Max},
    journal = {Proceedings of ICLR},
    pages = {1--14},
    title = {{Auto-encoding variational bayes}},
    year = {2014}
}

@article{spinelli2019ginn,
    title = {Missing Data Imputation with Adversarially-trained Graph Convolutional Networks},
    author = {Spinelli, Indro and Scardapane, Simone and Aurelio, Uncini},
    journal = {Neural Networks},
    year = {2020},
    volume = {129},
    pages = {249--260}
}

@inproceedings{optuna_2019,
    title={Optuna: A Next-generation Hyperparameter Optimization Framework},
    author={Akiba, Takuya and Sano, Shotaro and Yanase, Toshihiko and Ohta, Takeru and Koyama, Masanori},
    booktitle={Proceedings of KDD},
    year={2019}
}

@inproceedings{yang2019topology,
    title     = {Topology Optimization based Graph Convolutional Network},
    author    = {Yang, Liang and Kang, Zesheng and Cao, Xiaochun and Jin, Di and Yang, Bo and Guo, Yuanfang},
    booktitle = {Proceedings of IJCAI},
    pages     = {4054--4061},
    year      = {2019},
}

@inproceedings{yang2020gaton,
    author = {Yang, Liang and Wu, Fan and Gu, Junhua and Wang, Chuan and Cao, Xiaochun and Jin, Di and Guo, Yuanfang},
    title = {Graph Attention Topic Modeling Network},
    year = {2020},
    booktitle = {Proceedings of The Web Conference},
    pages = {144--154},
}

@inproceedings{jin2019acl,
    author = {D. {Jin} and Z. {Li} and L. {Yang} and D. {He} and P. {Jiao} and L. {Zhai}},
    booktitle = {Proceedings of ICTAI}, 
    title = {Adversarial Capsule Learning for Network Embedding}, 
    year = {2019},
    pages = {214--221},
}

@inbook{inbook,
    author = {Jin, Di and Li, Bingyi and Jiao, Pengfei and He, Dongxiao and Shan, Hongyu},
    year = {2019},
    pages = {594--606},
    title = {Community Detection via Joint Graph Convolutional Network Embedding in Attribute Network},
}

@inproceedings{jin2019community,
    author = {Jin, Di and Li, Bingyi and Jiao, Pengfei and He, Dongxiao and Shan, Hongyu},
    title = {Community Detection via Joint Graph Convolutional Network Embedding in Attribute Network},
    booktitle = {Proceedings of ICANN},
    year={2019},
    pages={594--606},
}

@article{bedru2020bignetworks,
    title = {Big networks: A survey},
    journal = {Computer Science Review},
    volume = {37},
    pages = {100247},
    year = {2020},
    author = {Hayat Dino Bedru and Shuo Yu and Xinru Xiao and Da Zhang and Liangtian Wan and He Guo and Feng Xia},
}

@inproceedings{hou2019dine,
    author = {Hou, Ke and Liu, Jiaying and Peng, Yin and Xu, Bo and Lee, Ivan and Xia, Feng},
    title = {DINE: A Framework for Deep Incomplete Network Embedding},
    booktitle = {Proceedings of AI},
    year = {2019},
    pages = {165--176},
}

@article{liu2019shifu2,
    author={J. {Liu} and F. {Xia} and L. {Wang} and B. {Xu} and X. {Kong} and H. {Tong} and I. {King}},
    journal={IEEE Transactions on Knowledge and Data Engineering}, 
    title={Shifu2: A Network Representation Learning Based Model for Advisor-advisee Relationship Mining}, 
    year={2019},
    pages={1-1},
}

@article{peng2020spatial,
    title = {Spatial temporal incidence dynamic graph neural networks for traffic flow forecasting},
    journal = {Information Sciences},
    volume = {521},
    pages = {277--290},
    year = {2020},
    author = {Hao Peng and Hongfei Wang and Bowen Du and Md Zakirul Alam Bhuiyan and Hongyuan Ma and Jianwei Liu and Lihong Wang and Zeyu Yang and Linfeng Du and Senzhang Wang and Philip S. Yu},
}

@article{wang2020graph,
    title={Graph Learning Approaches to Recommender Systems: A Review},
    author={Shoujin Wang and Liang Hu and Yan Wang and Xiangnan He and Quan Z. Sheng and Mehmet Orgun and Longbing Cao and Nan Wang and Francesco Ricci and Philip S. Yu},
    year={2020},
    journal = {arXiv:2004.11718},
}

@inproceedings{liu2020alleviating,
    title={Alleviating the Inconsistency Problem of Applying Graph Neural Network to Fraud Detection},
    author={Liu, Zhiwei and Dou, Yingtong and Yu, Philip S. and Deng, Yutong and Peng, Hao},
    booktitle={Proceedings of SIGIR},
    year={2020}
}

@article{Wu2019survey_gnn,
    author={Z. {Wu} and S. {Pan} and F. {Chen} and G. {Long} and C. {Zhang} and P. S. {Yu}},
    journal={IEEE Transactions on Neural Networks and Learning Systems},
    title={A Comprehensive Survey on Graph Neural Networks},
    year={2020},
    pages={1--21},
}

@article{wang2020edge2vec,
    author = {Wang, Changping and Wang, Chaokun and Wang, Zheng and Ye, Xiaojun and Yu, Philip S.},
    title = {Edge2vec: Edge-Based Social Network Embedding},
    year = {2020},
    volume = {14},
    number = {4},
    journal = {ACM Transactions on Knowledge Discovery from Data},
}

@article{wu2020connecting,
    title={Connecting the Dots: Multivariate Time Series Forecasting with Graph Neural Networks},
    author={Zonghan Wu and Shirui Pan and Guodong Long and Jing Jiang and Xiaojun Chang and Chengqi Zhang},
    year={2020},
    journal = {arXiv:2005.11650},
}

@inproceedings{wu2020unsupervised,
    author = {Wu, Man and Pan, Shirui and Zhou, Chuan and Chang, Xiaojun and Zhu, Xingquan},
    title = {Unsupervised Domain Adaptive Graph Convolutional Networks},
    year = {2020},
    booktitle = {Proceedings of The Web Conference},
    pages = {1457--1467},
}

@inproceedings{wan2020goingdeep,
    author = {Hu, Ruiqi and Pan, Shirui and Long, Guodong and Lu, Qinghua and Zhu, Liming and Jiang, Jing},
    booktitle = {Proceedings of AAAI},
    title = {Going Deep: Graph Convolutional Ladder-Shape Networks},
    year = {2020},
}

@article{pan2019learning,
    author = {Pan, Shirui and Hu, Ruiqi and Fung, Sai-Fu and Long, Guodong and Jiang, Jing and Zhang, Chengqi},
    year = {2019},
    pages = {1--13},
    title = {Learning Graph Embedding With Adversarial Training Methods},
    journal = {IEEE Transactions on Cybernetics},
}

@inproceedings{wu2019domain,
  author={M. {Wu} and S. {Pan} and X. {Zhu} and C. {Zhou} and L. {Pan}},
  booktitle={Proceedings of ICDM}, 
  title={Domain-Adversarial Graph Neural Networks for Text Classification}, 
  year={2019},
  pages={648--657},
}

@inproceedings{wang2019attributed,
  title     = {Attributed Graph Clustering: A Deep Attentional Embedding Approach},
  author    = {Wang, Chun and Pan, Shirui and Hu, Ruiqi and Long, Guodong and Jiang, Jing and Zhang, Chengqi},
  booktitle = {Proceedings of IJCAI},
  pages     = {3670--3676},
  year      = {2019},
}

@inproceedings{shen2018discrete,
  title     = {Discrete Network Embedding},
  author    = {Xiaobo Shen and Shirui Pan and Weiwei Liu and Yew-Soon Ong and Quan-Sen Sun},
  booktitle = {Proceedings of IJCAI},      
  pages     = {3549--3555},
  year      = {2018},
}

@inproceedings{pan2018adversarially,
  title     = {Adversarially Regularized Graph Autoencoder for Graph Embedding},
  author    = {Shirui Pan and Ruiqi Hu and Guodong Long and Jing Jiang and Lina Yao and Chengqi Zhang},
  booktitle = {Proceedings of IJCAI},
  pages     = {2609--2615},
  year      = {2018},
}

@inproceedings{zhu2019robust,
author = {Zhu, Dingyuan and Zhang, Ziwei and Cui, Peng and Zhu, Wenwu},
title = {Robust Graph Convolutional Networks Against Adversarial Attacks},
year = {2019},
booktitle = {Proceedings of KDD},
pages = {1399--1407},
}

@inproceedings{wu2019adversarial,
    title     = {Adversarial Examples for Graph Data: Deep Insights into Attack and Defense},
    author    = {Wu, Huijun and Wang, Chen and Tyshetskiy, Yuriy and Docherty, Andrew and Lu, Kai and Zhu, Liming},
    booktitle = {Proceedings of IJCAI},
    pages     = {4816--4823},
    year      = {2019},
    month     = {7},
}

@inproceedings{zugner2018adversarial,
  title={Adversarial Attacks on Neural Networks for Graph Data},
  author={Z{\"u}gner, Daniel and Akbarnejad, Amir and G{\"u}nnemann, Stephan},
  booktitle={Proceedings of KDD},
  pages={2847--2856},
  year={2018},
}

@inproceedings{zugner2019certifiable,
  title={Certifiable robustness and robust training for graph convolutional networks},
  author={Z{\"u}gner, Daniel and G{\"u}nnemann, Stephan},
  booktitle={Proceedings of KDD},
  pages={246--256},
  year={2019}
}

@InProceedings{dai2018adversarial,
    title = {Adversarial Attack on Graph Structured Data},
    author = {Dai, Hanjun and Li, Hui and Tian, Tian and Huang, Xin and Wang, Lin and Zhu, Jun and Song, Le}, pages = {1115--1124},
    year = {2018},
    series = {Proceedings of ICML},
}

@misc{shi2019featureattention,
    title={Feature-Attention Graph Convolutional Networks for Noise Resilient Learning},
    author={Min Shi and Yufei Tang and Xingquan Zhu and Jianxun Liu},
    year={2019},
    eprint={1912.11755},
    archivePrefix={arXiv},
}

@misc{ji2020survey,
    title={A Survey on Knowledge Graphs: Representation, Acquisition and Applications},
    author={Shaoxiong Ji and Shirui Pan and Erik Cambria and Pekka Marttinen and Philip S. Yu},
    year={2020},
    eprint={2002.00388},
    archivePrefix={arXiv},
}

@ARTICLE{wang2017kgsurvey,
    author={Q. {Wang} and Z. {Mao} and B. {Wang} and L. {Guo}},
    journal={IEEE Transactions on Knowledge and Data Engineering}, 
    title={Knowledge Graph Embedding: A Survey of Approaches and Applications}, 
    year={2017},
    volume={29},
    number={12},
    pages={2724-2743},
}

@book{little2019statistical,
    title={Statistical analysis with missing data},
    author={Little, Roderick JA and Rubin, Donald B},
    year={2002},
    publisher={John Wiley \& Sons}
}

@inproceedings{ma2019mnar,
    author = {Ma, Wei and Chen, George H},
    booktitle = {Proceedings of NeurIPS},
    title = {Missing Not at Random in Matrix Completion: The Effectiveness of Estimating Missingness Probabilities Under a Low Nuclear Norm Assumption},
    volume = {32},
    year = {2019}
}

@article{hamilton2020graph,
    title={Graph representation learning},
    author={Hamilton, William L},
    journal={Synthesis Lectures on Artifical Intelligence and Machine Learning},
    volume={14},
    number={3},
    pages={1--159},
    year={2020},
    publisher={Morgan \& Claypool Publishers}
}

@inproceedings{monti2017geometric,
    title={Geometric deep learning on graphs and manifolds using mixture model cnns},
    author={Monti, Federico and Boscaini, Davide and Masci, Jonathan and Rodola, Emanuele and Svoboda, Jan and Bronstein, Michael M},
    booktitle={Proceedings of CVPR},
    pages={5115--5124},
    year={2017}
}

@inproceedings{gilmer2017mpnn,
    author = {Gilmer, Justin and Schoenholz, Samuel S. and Riley, Patrick F. and Vinyals, Oriol and Dahl, George E.},
    title = {Neural Message Passing for Quantum Chemistry},
    year = {2017},
    booktitle = {Proceedings of ICML},
    pages = {1263--1272},
    numpages = {10},
}

@article{battaglia2018relational,
  title={Relational inductive biases, deep learning, and graph networks},
  author={Battaglia, Peter W and Hamrick, Jessica B and Bapst, Victor and Sanchez-Gonzalez, Alvaro and Zambaldi, Vinicius and Malinowski, Mateusz and Tacchetti, Andrea and Raposo, David and Santoro, Adam and Faulkner, Ryan and others},
  journal={arXiv preprint arXiv:1806.01261},
  year={2018}
}

@inproceedings{ying2019gnnexplainer,
    title={GNNExplainer: Generating Explanations for Graph Neural Networks},
    author={Rex Ying and Dylan Bourgeois and Jiaxuan You and Marinka Zitnik and Jure Leskovec},
    year={2019},
    booktitle = {Proceedings of NeurIPS},
}

@inproceedings{zhang2020gnnguard,
    title     = {GNNGuard: Defending Graph Neural Networks against Adversarial Attacks},
    author    = {Zhang, Xiang and Zitnik, Marinka},
    booktitle = {Proceedings of NeurIPS},
    year      = {2020}
}

@inproceedings{li2018deeper,
    author = {Li, Qimai and Han, Zhichao and Wu, Xiao-Ming},
    year = {2018},
    title = {Deeper Insights into Graph Convolutional Networks for Semi-Supervised Learning},
    booktitle = {Proceedings of AAAI}
}

@inproceedings{chenWHDL2020gcnii,
    title = {Simple and Deep Graph Convolutional Networks},
    author = {Ming Chen, Zhewei Wei and Zengfeng Huang, Bolin Ding and Yaliang Li},
    year = {2020},
    booktitle = {Proceedings of ICML},
}

@incollection{luan2019break,
    title = {Break the Ceiling: Stronger Multi-scale Deep Graph Convolutional Networks},
    author = {Luan, Sitao and Zhao, Mingde and Chang, Xiao-Wen and Precup, Doina},
    booktitle = {Proceedings of NeurIPS},
    year = {2019},
}

@InProceedings{Park_2019_ICCV,
    author = {Park, Jiwoong and Lee, Minsik and Chang, Hyung Jin and Lee, Kyuewang and Choi, Jin Young},
    title = {Symmetric Graph Convolutional Autoencoder for Unsupervised Graph Representation Learning},
    booktitle = {Proceedings of ICCV},
    year = {2019}
}

@InProceedings{10.1007/978-3-030-38965-9_2,
author="Taguchi, Hibiki
and Murata, Tsuyoshi
and Liu, Xin",
title="BiMLPA: Community Detection in Bipartite Networks by Multi-Label Propagation",
booktitle="Proceedings of NetSci-X 2020: Sixth International Winter School and Conference on Network Science",
year="2020",
publisher="Springer International Publishing",
pages="17--31",
isbn="978-3-030-38965-9"
}

@article{taguchi2021graph,
  title={Graph convolutional networks for graphs containing missing features},
  author={Taguchi, Hibiki and Liu, Xin and Murata, Tsuyoshi},
  journal={Future Generation Computer Systems},
  volume={117},
  pages={155--168},
  year={2021},
  publisher={Elsevier}
}

% ----------- add -----------

% link mining survey
@article{getoor2005link,
  title={Link mining: a survey},
  author={Getoor, Lise and Diehl, Christopher P},
  journal={Acm Sigkdd Explorations Newsletter},
  volume={7},
  number={2},
  pages={3--12},
  year={2005},
  publisher={ACM New York, NY, USA}
}

%label propagation
@inproceedings{zhu2003semi,
  title={Semi-supervised learning using gaussian fields and harmonic functions},
  author={Zhu, Xiaojin and Ghahramani, Zoubin and Lafferty, John D},
  booktitle={Proceedings of the 20th International conference on Machine learning (ICML-03)},
  pages={912--919},
  year={2003}
}

%label spreading
@inproceedings{zhou2004learning,
  title={Learning with local and global consistency},
  author={Zhou, Dengyong and Bousquet, Olivier and Lal, Thomas N and Weston, Jason and Sch{\"o}lkopf, Bernhard},
  booktitle={Advances in neural information processing systems},
  pages={321--328},
  year={2004}
}

%skip-gram
@inproceedings{mikolov2013distributed,
  title={Distributed representations of words and phrases and their compositionality},
  author={Mikolov, Tomas and Sutskever, Ilya and Chen, Kai and Corrado, Greg S and Dean, Jeff},
  booktitle={Advances in neural information processing systems},
  pages={3111--3119},
  year={2013}
}

%cnn
@article{krizhevsky2012imagenet,
  title={Imagenet classification with deep convolutional neural networks},
  author={Krizhevsky, Alex and Sutskever, Ilya and Hinton, Geoffrey E},
  journal={Advances in neural information processing systems},
  volume={25},
  pages={1097--1105},
  year={2012}
}

%spectral
@article{bruna2013spectral,
  title={Spectral networks and locally connected networks on graphs},
  author={Bruna, Joan and Zaremba, Wojciech and Szlam, Arthur and LeCun, Yann},
  journal={arXiv preprint arXiv:1312.6203},
  year={2013}
}

%spatial
@inproceedings{gilmer2017neural,
  title={Neural message passing for quantum chemistry},
  author={Gilmer, Justin and Schoenholz, Samuel S and Riley, Patrick F and Vinyals, Oriol and Dahl, George E},
  booktitle={International conference on machine learning},
  pages={1263--1272},
  year={2017},
  organization={PMLR}
}

%Attention
@inproceedings{vaswani2017attention,
  title={Attention is all you need},
  author={Vaswani, Ashish and Shazeer, Noam and Parmar, Niki and Uszkoreit, Jakob and Jones, Llion and Gomez, Aidan N and Kaiser, {\L}ukasz and Polosukhin, Illia},
  booktitle={Advances in neural information processing systems},
  pages={5998--6008},
  year={2017}
}

% graph base regularization
@inproceedings{belkin2004regularization,
  title={Regularization and semi-supervised learning on large graphs},
  author={Belkin, Mikhail and Matveeva, Irina and Niyogi, Partha},
  booktitle={International Conference on Computational Learning Theory},
  pages={624--638},
  year={2004},
  organization={Springer}
}
% graph base regularization
@article{belkin2006manifold,
  title={Manifold regularization: A geometric framework for learning from labeled and unlabeled examples.},
  author={Belkin, Mikhail and Niyogi, Partha and Sindhwani, Vikas},
  journal={Journal of machine learning research},
  volume={7},
  number={11},
  year={2006}
}
%CNN figure
@inproceedings{sun2013deep,
  title={Deep convolutional network cascade for facial point detection},
  author={Sun, Yi and Wang, Xiaogang and Tang, Xiaoou},
  booktitle={Proceedings of the IEEE conference on computer vision and pattern recognition},
  pages={3476--3483},
  year={2013}
}

%spectral -> spatial 
@article{shuman2013emerging,
  title={The emerging field of signal processing on graphs: Extending high-dimensional data analysis to networks and other irregular domains},
  author={Shuman, David I and Narang, Sunil K and Frossard, Pascal and Ortega, Antonio and Vandergheynst, Pierre},
  journal={IEEE signal processing magazine},
  volume={30},
  number={3},
  pages={83--98},
  year={2013},
  publisher={IEEE}
}
